<?xml version="1.0" encoding="UTF-8"?><record xmlns="http://www.loc.gov/MARC21/slim" xmlns:cinclude="http://apache.org/cocoon/include/1.0" xmlns:zs="http://www.loc.gov/zing/srw/">
  <leader>00867cz  a2200193n  4500</leader>
  <controlfield tag="001">nr 95028653 </controlfield>
  <controlfield tag="003">DLC</controlfield>
  <controlfield tag="005">20080918103825.0</controlfield>
  <controlfield tag="008">950804nc acannaabn          |b ana      </controlfield>
  <datafield tag="010" ind1=" " ind2=" ">
    <subfield code="a">nr 95028653 </subfield>
  </datafield>
  <datafield tag="035" ind1=" " ind2=" ">
    <subfield code="a">(OCoLC)oca03892317</subfield>
  </datafield>
  <datafield tag="040" ind1=" " ind2=" ">
    <subfield code="a">DLC-R</subfield>
    <subfield code="b">eng</subfield>
    <subfield code="c">DLC-R</subfield>
    <subfield code="d">DLC-R</subfield>
    <subfield code="d">DLC</subfield>
    <subfield code="d">OCoLC</subfield>
    <subfield code="d">DLC-R</subfield>
    <subfield code="d">OCoLC</subfield>
  </datafield>
  <datafield tag="110" ind1="2" ind2=" ">
    <subfield code="a">Lu Xun mei shu xue yuan (Liaoning Sheng, China).</subfield>
    <subfield code="b">Zhongguo hua xi</subfield>
  </datafield>
  <datafield tag="410" ind1="2" ind2=" ">
    <subfield code="a">Lu Xun mei shu xue yuan (Liaoning Sheng, China).</subfield>
    <subfield code="b">Zhong guo hua xi</subfield>
  </datafield>
  <datafield tag="410" ind1="2" ind2=" ">
    <subfield code="w">nnea</subfield>
    <subfield code="a">Lu Hsün mei shu hsüeh yüan (Liaoning Sheng, China).</subfield>
    <subfield code="b">Chung-kuo hua hsi</subfield>
  </datafield>
  <datafield tag="410" ind1="2" ind2=" ">
    <subfield code="a">魯迅美术学院 (Liaoning Sheng, China).</subfield>
    <subfield code="b">中囯画系</subfield>
  </datafield>
  <datafield tag="667" ind1=" " ind2=" ">
    <subfield code="a">Machine-derived non-Latin script reference project.</subfield>
  </datafield>
  <datafield tag="667" ind1=" " ind2=" ">
    <subfield code="a">Non-Latin script reference not evaluated.</subfield>
  </datafield>
  <datafield tag="670" ind1=" " ind2=" ">
    <subfield code="a">Mei shu chih lu.  Chung-kuo hua fen tsʻe, 1993:</subfield>
    <subfield code="b">t.p.(Lu Hsün mei shu hsüeh yüan Chung-kuo hua hsi)</subfield>
  </datafield>
</record>